<?xml version="1.0" encoding="UTF-8"?><collection xmlns="http://www.loc.gov/MARC21/slim"><record><leader>00404nam--2200157-i-4500</leader><controlfield tag="001">000008536</controlfield><controlfield tag="002">20161230</controlfield><controlfield tag="005">20170209172037</controlfield><controlfield tag="008">060222s1000------------r-----000-0-eng-d</controlfield><datafield ind1=" " ind2=" " tag="100"><subfield code="a">Dar, A</subfield></datafield><datafield ind1=" " ind2=" " tag="245"><subfield code="a">Vector dominance and the prhotoproduction reactions n n</subfield></datafield><datafield ind1=" " ind2=" " tag="260"><subfield code="a">Geneva</subfield><subfield code="b">Cern</subfield><subfield code="c">1968</subfield></datafield><datafield ind1=" " ind2=" " tag="300"><subfield code="a">7 p.+3 Fig</subfield></datafield><datafield ind1=" " ind2=" " tag="700"><subfield code="a">Weisskopf, Victor F</subfield></datafield><datafield ind1=" " ind2=" " tag="852"><subfield code="a">539.172</subfield></datafield><datafield ind1=" " ind2=" " tag="CAT"><subfield code="a">SYS</subfield><subfield code="c">20170209</subfield><subfield code="h">172037</subfield></datafield></record></collection>